@inproceedings{10782104,
  author={Yeola, Atharva and Adak, Chandranath and Chattopadhyay, Soumi and Chanda, Sukalpa},
  booktitle={2024 IEEE International Conference on Computer Vision and Machine Intelligence (CVMI)}, 
  title={Enhancing Traffic Sign Recognition: A Deep Learning Approach for Occluded Environments}, 
  year={2024},
  volume={},
  number={},
  pages={1-6},
  keywords={Computer vision;Visualization;Technological innovation;Accuracy;Navigation;Transportation;Transformers;Robustness;Safety;Autonomous vehicles;Autonomous Vehicles;Traffic Signs;Occlusion;Transformer Networks},
  doi={10.1109/CVMI61877.2024.10782104}
  }

@inproceedings{PEARRE201961,
title = {Review of research on V2X technologies, strategies, and operations},
journal = {Renewable and Sustainable Energy Reviews},
volume = {105},
pages = {61-70},
year = {2019},
issn = {1364-0321},
doi = {https://doi.org/10.1016/j.rser.2019.01.047},
url = {https://www.sciencedirect.com/science/article/pii/S1364032119300516},
author = {Nathaniel S. Pearre and Hajo Ribberink},
}

@inproceedings{avant1986recognition,
  title={Recognition errors among highway signs},
  author={Avant, Lloyd L and Brewer, Kenneth A and Thieman, ALICE A and Woodman, William F},
  journal={Transportation Research Record},
  volume={1027},
  pages={42--45},
  year={1986}
}
